@article{hogg2001social,
  title={A social identity theory of leadership},
  author={Hogg, Michael A},
  journal={Personality and social psychology review},
  volume={5},
  number={3},
  pages={184--200},
  year={2001},
  publisher={Sage Publications Sage CA: Los Angeles, CA}
}

@article{lord1984cognitive,
  title={A test of leadership categorization theory: Internal structure, information processing, and leadership perceptions},
  author={Lord, Robert G and Foti, Roseanne J and De Vader, Christy L},
  journal={Organizational behavior and human performance},
  volume={34},
  number={3},
  pages={343--378},
  year={1984},
  publisher={Elsevier}
}

@article{derue2011trait,
  title={Trait and behavioral theories of leadership: An integration and meta‚Äêanalytic test of their relative validity},
  author={DeRue, D Scott and Nahrgang, Jennifer D and Wellman, Ned and Humphrey, Stephen E},
  journal={Personnel psychology},
  volume={64},
  number={1},
  pages={7--52},
  year={2011},
  publisher={Wiley Online Library}
}

@article{van2012identity,
  title={Identity leadership and identity followership: Processes, mechanisms and dynamics},
  author={van Knippenberg, Daan},
  journal={Leadership and identity: Relationships between social identity, leadership styles, and creativity},
  pages={17--30},
  year={2012}
} 